<record><leader>00000cas a2200000 a 4500</leader><controlfield tag="001">8773846</controlfield><controlfield tag="008">820914d187u1894gauwr ne      0    0eng  </controlfield><datafield ind1=" " ind2=" " tag="010"><subfield code="a">sn 82014202 </subfield></datafield><datafield ind1=" " ind2=" " tag="040"><subfield code="a">DLC</subfield><subfield code="b">eng</subfield><subfield code="c">DLC</subfield><subfield code="d">NLG</subfield><subfield code="d">NSD</subfield><subfield code="d">GUA</subfield><subfield code="d">MGN</subfield><subfield code="d">FUG</subfield><subfield code="d">OCLCQ</subfield><subfield code="d">GUA</subfield><subfield code="d">DLC</subfield><subfield code="d">OCLCO</subfield><subfield code="d">OCLCQ</subfield><subfield code="d">OCLCF</subfield></datafield><datafield ind1="1" ind2=" " tag="029"><subfield code="a">AU@</subfield><subfield code="b">000025814520</subfield></datafield><datafield ind1=" " ind2=" " tag="042"><subfield code="a">pcc</subfield></datafield><datafield ind1=" " ind2=" " tag="043"><subfield code="a">n-us-ga</subfield></datafield><datafield ind1="0" ind2="0" tag="050"><subfield code="a">Newspaper 7535</subfield></datafield><datafield ind1="0" ind2=" " tag="130"><subfield code="a">Weekly news (Savannah, Ga. : 1878)</subfield></datafield><datafield ind1="1" ind2="0" tag="245"><subfield code="a">Weekly news.</subfield></datafield><datafield ind1="1" ind2="7" tag="246"><subfield code="a">Savannah weekly news</subfield><subfield code="f">&lt;Jan. 3, 1880, Feb. 10-Mar. 31, 1883&gt;</subfield></datafield><datafield ind1=" " ind2=" " tag="260"><subfield code="a">Savannah, Ga. :</subfield><subfield code="b">J.H. Estill</subfield></datafield><datafield ind1=" " ind2=" " tag="300"><subfield code="a">v. :</subfield><subfield code="b">ill. ;</subfield><subfield code="c">68 cm.</subfield></datafield><datafield ind1=" " ind2=" " tag="310"><subfield code="a">Weekly</subfield></datafield><datafield ind1="1" ind2=" " tag="362"><subfield code="a">Ceased in 1894.</subfield></datafield><datafield ind1=" " ind2=" " tag="500"><subfield code="a">Democratic.</subfield></datafield><datafield ind1=" " ind2=" " tag="530"><subfield code="a">Also on microfilm from University of Georgia Libraries, Athens, and the Library of Congress, Photoduplication Service.</subfield></datafield><datafield ind1=" " ind2=" " tag="580"><subfield code="a">Serialized novels originally appearing in this publication often republished in: Morning news library.</subfield></datafield><datafield ind1=" " ind2=" " tag="588"><subfield code="a">Description based on: Vol. 28, no. 13 (Mar. 30, 1878).</subfield></datafield><datafield ind1=" " ind2="0" tag="651"><subfield code="a">Savannah (Ga.)</subfield><subfield code="v">Newspapers.</subfield></datafield><datafield ind1=" " ind2="0" tag="651"><subfield code="a">Chatham County (Ga.)</subfield><subfield code="v">Newspapers.</subfield></datafield><datafield ind1=" " ind2="7" tag="655"><subfield code="a">Newspapers.</subfield><subfield code="2">fast</subfield><subfield code="0">(OCoLC)fst01423814</subfield></datafield><datafield ind1=" " ind2="7" tag="651"><subfield code="a">Georgia</subfield><subfield code="z">Chatham County.</subfield><subfield code="2">fast</subfield><subfield code="0">(OCoLC)fst01207617</subfield></datafield><datafield ind1=" " ind2="7" tag="651"><subfield code="a">Georgia</subfield><subfield code="z">Savannah.</subfield><subfield code="2">fast</subfield><subfield code="0">(OCoLC)fst01207319</subfield></datafield><datafield ind1=" " ind2=" " tag="752"><subfield code="a">United States</subfield><subfield code="b">Georgia</subfield><subfield code="c">Chatham</subfield><subfield code="d">Savannah.</subfield></datafield><datafield ind1="0" ind2=" " tag="775"><subfield code="t">Savannah morning news (Savannah, Ga. : 1868)</subfield><subfield code="w">(DLC)sn 82015137</subfield><subfield code="w">(OCoLC)8821574</subfield></datafield><datafield ind1="0" ind2=" " tag="775"><subfield code="t">Morning news (Savannah, Ga. : 1887)</subfield><subfield code="w">(DLC)sn 86063034</subfield><subfield code="w">(OCoLC)13025333</subfield></datafield><datafield ind1="0" ind2=" " tag="775"><subfield code="t">Savannah morning news (Savannah, Ga. : 1900)</subfield><subfield code="x">1047-028X</subfield><subfield code="w">(DLC)sn 89053684</subfield><subfield code="w">(OCoLC)20030333</subfield></datafield><datafield ind1="0" ind2="0" tag="780"><subfield code="t">Savannah weekly news (Savannah, Ga. : 1868)</subfield><subfield code="w">(DLC)sn 85034396</subfield><subfield code="w">(OCoLC)12766016</subfield></datafield><datafield ind1="0" ind2="0" tag="785"><subfield code="t">Savannah weekly news (Savannah, Ga. : 1894)</subfield><subfield code="w">(DLC)sn 90052219</subfield><subfield code="w">(OCoLC)21361952</subfield></datafield><datafield ind1="1" ind2=" " tag="787"><subfield code="t">Morning news library</subfield><subfield code="w">(DLC)sn 93029120</subfield><subfield code="w">(OCoLC)23127031</subfield></datafield></record>